<?xml version="1.0" encoding="UTF-8"?><collection xmlns="http://www.loc.gov/MARC21/slim"><record><leader>00398nam--2200145-i-4500</leader><controlfield tag="001">000026936</controlfield><controlfield tag="002">20161230</controlfield><controlfield tag="005">20161230201036</controlfield><controlfield tag="008">060222s1000------------r-----000-0-eng-d</controlfield><datafield ind1=" " ind2=" " tag="080"><subfield code="a">681.327.25</subfield></datafield><datafield ind1=" " ind2=" " tag="100"><subfield code="a">Kohonen, Teuvo</subfield></datafield><datafield ind1=" " ind2=" " tag="245"><subfield code="a">Associative memory. a system-theoretical approach</subfield></datafield><datafield ind1=" " ind2=" " tag="260"><subfield code="a">Berlin, Springer-verlag, 1978. Ix + 176p</subfield></datafield><datafield ind1=" " ind2=" " tag="490"><subfield code="a">Communication And Cybernetics</subfield></datafield><datafield ind1=" " ind2=" " tag="852"><subfield code="a">46515</subfield></datafield></record></collection>